@article{Baldwin2005,
    author      = {Baldwin, Michael E. and Kain, John S. and Lakshmivarahan, S.},
    doi         = {10.1175/MWR2892.1},
    issn        = {0027-0644},
    journal     = {Monthly Weather Review},
    pages       = {844--862},
    title       = {{Development of an automated classification procedure for rainfall systems}},
    volume      = {133},
    year        = {2005}
}

@inproceedings{Brooks1998,
    author      = {Brooks, H.~E. and Kay, Michael and Hart, J.~A.},
    booktitle   = {Preprints, 19th Conf. on Severe Local Storms, Minneapolis, MN, Amer. Meteor. Soc},
    pages       = {552--555},
    title       = {{Objective limits on forecasting skill of rare events}},
    year        = {1998}
}

@article{Charba2011,
    author      = {Charba, Jerome P. and Samplatsky, Frederick G.},
    doi         = {10.1175/2010MWR3224.1},
    issn        = {0027-0644},
    journal     = {Monthly Weather Review},
    pages       = {39--68},
    title       = {{High-resolution GFS-based MOS quantitative precipitation forecasts on a 4-km grid}},
    volume      = {139},
    year        = {2011}
}

@article{Clark2009,
    author      = {Clark, Adam J. and Gallus, William A. and Xue, Ming and Kong, Fanyou},
    doi         = {10.1175/2009WAF2222222.1},
    issn        = {0882-8156},
    journal     = {Weather and Forecasting},
    pages       = {1121--1140},
    title       = {{A comparison of precipitation forecast skill between small convection-allowing and large convection-parameterizing ensembles}},
    volume      = {24},
    year        = {2009}
}

@article{Clark2010a,
    author      = {Clark, Adam J. and Gallus, William A. and Xue, Ming and Kong, Fanyou},
    doi         = {10.1175/2010WAF2222390.1},
    issn        = {0882-8156},
    journal     = {Weather and Forecasting},
    pages       = {1052--1081},
    title       = {{Convection-allowing and convection-parameterizing ensemble forecasts of a mesoscale convective vortex and associated severe weather environment}},
    volume      = {25},
    year        = {2010}
}

@article{Done2004,
    author      = {Done, James and Davis, Christopher A. and Weisman, Morris},
    doi         = {10.1002/asl.72},
    issn        = {1530-261X},
    journal     = {Atmospheric Science Letters},
    pages       = {110--117},
    title       = {{The next generation of NWP: explicit forecasts of convection using the weather research and forecasting (WRF) model}},
    volume      = {5},
    year        = {2004}
}

@article{Doswell1988,
    author      = {Doswell, III, Charles A. and Burgess, Donald W.},
    doi         = {10.1175/1520-0493(1988)116<0495:OSIOUS>2.0.CO;2},
    issn        = {1520-0493},
    journal     = {Monthly Weather Review},
    pages       = {495--501},
    title       = {{On some issues of united states tornado climatology}},
    volume      = {116},
    year        = {1988}
}

@article{Doswell1989,
    author      = {Doswell, III, Charles A. and Flueck, John A.},
    doi         = {10.1175/1520-0434(1989)004<0097:FAVIAF>2.0.CO;2},
    issn        = {1520-0434},
    journal     = {Weather and Forecasting},
    pages       = {97--109},
    title       = {{Forecasting and verifying in a field research project: DOPLIGHT `87}},
    volume      = {4},
    year        = {1989}
}

@article{Doswell2005,
    author      = {Doswell, III, Charles A. and Brooks, Harold E. and Kay, Michael P.},
    issn        = {0882-8156},
    journal     = {Weather and Forecasting},
    pages       = {577--595},
    title       = {{Climatological estimates of daily local nontornadic severe thunderstorm probability for the United States}},
    volume      = {20},
    year        = {2005}
}

@article{Fawbush1951,
    author      = {Fawbush, E. J. and Miller, R. C. and Starrett, L. G.},
    journal     = {Bulletin of the American Meteorological Society},
    title       = {An emperical method of forecasting tornado development},
    pages       = {1--9},
    volume      = {32},
    year        = {1951}
}

@article{Finley1884,
    author      = {Finley, J. P.},
    journal     = {American Meteorological Journal},
    title       = {{Tornado predictions}},
    pages       = {85--88},
    volume      = {1},
    year        = {1884}
}

@article{Fritsch2004,
    author      = {Fritsch, J. Michael and Carbone, R.~E.},
    issn        = {0003-0007},
    journal     = {Bulletin of the American Meteorological Society},
    pages       = {955--965},
    title       = {{Improving quantitative precipitation forecasts in the warm season: A USWRP research and development strategy}},
    volume      = {85},
    year        = {2004}
}

@article{Glahn1972,
    author      = {Glahn, H.~R. and Lowry, D.~A.},
    issn        = {0894-8763},
    journal     = {Journal of Applied Meteorology},
    pages       = {1203--1211},
    title       = {{The use of model output statistics (MOS) in objective weather forecasting}},
    volume      = {11},
    year        = {1972}
}

@article{Glahn2009,
    author      = {Glahn, Bob and Peroutka, Matthew and Wiedenfeld, Jerry and Wagner, John and Zylstra, Greg and Schuknecht, Bryan and Jackson, Bryan},
    issn        = {0027-0644},
    journal     = {Monthly Weather Review},
    pages       = {246--268},
    title       = {{MOS uncertainty estimates in an ensemble framework}},
    volume      = {137},
    year        = {2009}
}

@article{Hamill1998,
    author      = {Hamill, Thomas M. and Colucci, Stephen J.},
    issn        = {0027-0644},
    journal     = {Monthly Weather Review},
    pages       = {711--724},
    title       = {{Evaluation of Etaâ€“RSM ensemble probabilistic precipitation forecasts}},
    volume      = {126},
    year        = {1998}
}

@article{Hamill2006,
    author      = {Hamill, Thomas M. and Whitaker, Jeffrey S.},
    issn        = {0027-0644},
    journal     = {Monthly Weather Review},
    pages       = {3209--3229},
    title       = {{Probabilistic quantitative precipitation forecasts based on reforecast analogs: theory and application}},
    volume      = {134},
    year        = {2006}
}

@article{Kain2008,
    author      = {Kain, John S. and Weiss, Steven J. and Bright, David R. and Baldwin, Michael E. and Levit, Jason J. and Carbin, Gregory W. and Schwartz, Craig S. and Weisman, Morris L. and Droegemeier, Kelvin K. and Weber, Daniel and Thomas, Kevin W.},
    issn        = {0882-8156},
    journal     = {Weather and Forecasting},
    pages       = {931-952},
    title       = {{Some practical considerations regarding horizontal resolution in the first generation of operational convection-allowing NWP}},
    volume      = {23},
    year        = {2008}
}

@article{Kain2010,
    author      = {Kain, John S. and Dembek, Scott R. and Weiss, Steven J. and Case, Jonathan L. and Levit, Jason J. and Sobash, Ryan A.},
    issn        = {0882-8156},
    journal     = {Weather and Forecasting},
    pages       = {1536--1542},
    title       = {{Extracting unique information from high-resolution forecast models: monitoring delected fields and phenomena every time step}},
    volume      = {25},
    year        = {2010}
}

@article{Lak2010,
    author      = {Lakshmanan, Valliappa and Kain, John S.},
    issn        = {0882-8156},
    journal     = {Weather and Forecasting},
    pages       = {908--920},
    title       = {{A gaussian mixture model approach to forecast verification}},
    volume      = {25},
    year        = {2010}
}

@article{Mason1982,
    author      = {Mason, I.},
    journal     = {Australian Meteorological Magazine},
    pages       = {291--303},
    title       = {{A model for assessment of weather forecasts}},
    volume      = {30},
    year        = {1982}
}

@article{Murphy1973,
    author      = {Murphy, A.~H.},
    issn        = {0894-8763},
    journal     = {Journal of Applied Meteorology},
    pages       = {595--600},
    title       = {{A new vector partition of the probability score}},
    volume      = {12},
    year        = {1973}
}

@article{Murphy1991,
    author      = {Murphy, Allan H.},
    issn        = {0882-8156},
    journal     = {Weather and Forecasting},
    pages       = {302--307},
    publisher   = {American Meteorological Society},
    title       = {{Probabilities, odds, and forecasts of rare events}},
    volume      = {6},
    year        = {1991}
}

@article{Murphy1993,
    author      = {Murphy, A.~H.},
    journal     = {Weather and Forecasting},
    pages       = {281--293},
    title       = {{What is a good forecast? An essay on the nature of goodness in weather forecasting}},
    volume      = {8},
    year        = {1993}
}

@article{Murphy1996,
    author      = {Murphy, A.~H.},
    journal     = {Weather and Forecasting},
    pages       = {3--20},
    title       = {{The Finley affair: A signal event in the history of forecast verification}},
    volume      = {11},
    year        = {1996}
}

@inproceedings{NAM,
    author      = {Rogers, Eric and DiMego, Geoffrey and Black, Thomas and Ek, Michael and Ferrier, Brad and Gayno, George and Janic, Zavisa and Lin, Ying and Pyle, Matthew and Wong, Vince and Wu, Wan-Shu and Carley, Jacob},
    booktitle   = {23rd Conference on Weather Analysis and Forecasting/19th Conference on Numerical Weather Prediction},
    title       = {{The NCEP north american mesoscale modeling system: recent changes and future plans}},
    url         = {http://ams.confex.com/ams/23WAF19NWP/techprogram/paper\_154114.htm},
    year        = {2009}
}

@article{Ortega2009,
    author      = {Ortega, Kiel L. and Smith, Travis M. and Manross, Kevin L. and Kolodziej, Angelyn G. and Scharfenberg, Kevin A. and Witt, Arthur and Gourley, Jonathan J.},
    issn        = {0003-0007},
    journal     = {Bulletin of the American Meteorological Society},
    pages       = {1519--1530},
    title       = {{The severe hazards analysis and verification experiment}},
    volume      = {90},
    year        = {2009}
}

@article{Raftery2005,
    author      = {Raftery, Adrian E. and Gneiting, Tilmann and Balabdaoui, Fadoua and Polakowski, Michael},
    issn        = {0027-0644},
    journal     = {Monthly Weather Review},
    pages       = {1155--1174},
    title       = {{Using bayesian model averaging to calibrate forecast ensembles}},
    volume      = {133},
    year        = {2005}
}

@techreport{Roberts2005,
    type        = {Forecasting Research Technical Report},
    number      = {455},
    author      = {Roberts, Nigel},
    title       = {{An investigation of the ability of a storm scale configuration of the Met Office NWP model to predict flood-producing rainfall}},
    month       = {January},
    year        = {2005},
    institution = {United Kingdom Meteorological Office},
    url         = {http://www.metoffice.gov.uk/media/pdf/m/g/FRTR455.pdf},
    pages       = {80}
}

@book{Silverman1986,
    author      = {Silverman, Bernard W.},
    title       = {{Density Estimation for Statistics and Data Analysis}},
    publisher   = {Chapman \& Hall},
    year        = {1986},
    pages       = {175}
}

@article{Sobash2011,
    author      = {Sobash, Ryan A. and Kain, John S. and Bright, David R. and Dean, Andrew R. and Coniglio, Michael C. and Weiss, Steven J.},
    issn        = {0882-8156},
    journal     = {Weather and Forecasting},
    pages       = {714--728},
    title       = {{Probabilistic forecast guidance for severe thunderstorms based on the identification of extreme phenomena in convection-allowing model forecasts}},
    volume      = {26},
    year        = {2011}
}

@inproceedings{StageIV,
    author      = {Lin, Ying and Mitchell, KE},
    booktitle   = {Preprints, 19th Conf. on Hydrology, San Diego, CA, Amer. Meteor. Soc},
    pages       = {2--5},
    title       = {{The NCEP stage II/IV hourly precipitation analyses: development and applications}},
    volume      = {1},
    year        = {2005}
}

@article{Stensrud2009,
    author      = {Stensrud, David J. and Wicker, Louis J. and Kelleher, Kevin E. and Xue, Ming and Foster, Michael P. and Schaefer, Joseph T. and Schneider, Russell S. and Benjamin, Stanley G. and Weygandt, Stephen S. and Ferree, John T. and Tuell, Jason P.},
    issn        = {0003-0007},
    journal     = {Bulletin of the American Meteorological Society},
    pages       = {1487--1499},
    title       = {{Convective-scale warn-on-forecast system}},
    volume      = {90},
    year        = {2009}
}

@article{Theis2005,
    author      = {Theis, S.~E. and Hense, A. and Damrath, U.},
    issn        = {1350-4827},
    journal     = {Meteorological Applications},
    pages       = {257--268},
    title       = {{Probabilistic precipitation forecasts from a deterministic model: a pragmatic approach}},
    volume      = {12},
    year        = {2005}
}

@article{Trapp2006,
    author      = {Trapp, Robert J. and Wheatley, Dustan M. and Atkins, Nolan T. and Przybylinski, Ronald W. and Wolf, Ray},
    issn        = {0882-8156},
    journal     = {Weather and Forecasting},
    pages       = {408--415},
    title       = {{Buyer beware: some words of caution on the use of severe wind reports in postevent assessment and research}},
    volume      = {21},
    year        = {2006}
}

@article{Weisman2008,
    author      = {Weisman, Morris L. and Davis, Christopher and Wang, Wei and Manning, Kevin W. and Klemp, Joseph B.},
    issn        = {0882-8156},
    journal     = {Weather and Forecasting},
    pages       = {407--437},
    title       = {{Experiences with 0â€“36-h explicit convective forecasts with the WRF-ARW model}},
    volume      = {23},
    year        = {2008}
}

@inproceedings{Weiss2002,
    author      = {Weiss, Steven J. and Hart, John A. and Janish, Paul R.},
    booktitle   = {Preprints, 21st Conf. on Severe Local Storms, San Antonio, TX, Amer. Meteor. Soc},
    pages       = {446--449},
    title       = {{An examination of severe thunderstorm wind report climatology: 1970â€“1999}},
    year        = {2002}
}

@article{Wilks2002,
    author      = {Wilks, D.~S.},
    issn        = {1477870X},
    journal     = {Quarterly journal of the royal meteorological society},
    pages       = {2821--2836},
    title       = {{Smoothing forecast ensembles with fitted probability distributions}},
    volume      = {128},
    year        = {2002}
}

@book{WRFV3,
    address     = {Boulder, CO},
    author      = {Skamarock, William C. and Klemp, Joseph B. Klemp and Dudhia, Jimy and Gill, David O. and Barker, Dale M. and Duda, Michael G. and Huang, Xiang-Yu and Wang, Wei and Powers, Jordan G.},
    booktitle   = {NCAR Technical Note},
    edition     = {NCAR/TN-47},
    institution = {National Center for Atmospheric Research},
    pages       = {113},
    publisher   = {NCAR},
    title       = {{A description of the advanced research WRF version 3}},
    url         = {http://www.mmm.ucar.edu/wrf/users/docs/arw\_v3.pdf},
    year        = {2008}
}

